<record><leader>00000cas a22000007a 4500</leader><controlfield tag="001">21587803</controlfield><controlfield tag="008">900525d19001932nhuwr ne      0    0eng d</controlfield><datafield ind1=" " ind2=" " tag="010"><subfield code="a">sn 90062283 </subfield></datafield><datafield ind1=" " ind2=" " tag="040"><subfield code="a">NVH</subfield><subfield code="b">eng</subfield><subfield code="c">NVH</subfield><subfield code="d">OCLCQ</subfield></datafield><datafield ind1=" " ind2=" " tag="042"><subfield code="a">msc</subfield></datafield><datafield ind1="0" ind2="4" tag="245"><subfield code="a">The Monadnock breeze.</subfield></datafield><datafield ind1=" " ind2=" " tag="260"><subfield code="a">Fitzwilliam, N.H. :</subfield><subfield code="b">Conrad Wingate Crooker</subfield></datafield><datafield ind1=" " ind2=" " tag="300"><subfield code="a">v.</subfield></datafield><datafield ind1=" " ind2=" " tag="310"><subfield code="a">Weekly</subfield></datafield><datafield ind1="0" ind2=" " tag="362"><subfield code="a">Vol. 1, no. 1 (July 17, 1900)-v. 35, no. 35 (Feb. 5, 1932).</subfield></datafield><datafield ind1=" " ind2=" " tag="500"><subfield code="a">Published also in Troy, N.H., and: Jaffrey, N.H.</subfield></datafield><datafield ind1=" " ind2=" " tag="752"><subfield code="a">United States</subfield><subfield code="b">New Hampshire</subfield><subfield code="c">Cheshire</subfield><subfield code="d">Fitzwilliam.</subfield></datafield><datafield ind1=" " ind2=" " tag="752"><subfield code="a">United States</subfield><subfield code="b">New Hampshire</subfield><subfield code="c">Cheshire</subfield><subfield code="d">Troy.</subfield></datafield><datafield ind1=" " ind2=" " tag="752"><subfield code="a">United States</subfield><subfield code="b">New Hampshire</subfield><subfield code="c">Cheshire</subfield><subfield code="d">Jaffrey.</subfield></datafield><datafield ind1="0" ind2="0" tag="785"><subfield code="t">Jaffrey recorder and Monadnock breeze</subfield><subfield code="w">(DLC)sn 90062285</subfield></datafield></record>